% This file was created with JabRef 2.6.
% Encoding: Cp1252

@article{CMS-DP-2012-007,
      title        = "{ECAL} Detector Performance, 2011 Data",
      author = {The {CMS} collaboration},
      month        = "May",
      year         = "2012",
}

@article{Mrazek:2009yu,
      author         = "Mrazek, Jan and Wulzer, Andrea",
      title          = "{A Strong Sector at the LHC: Top Partners in Same-Sign
                        Dileptons}",
      journal        = "Phys.Rev.",
      volume         = "D81",
      pages          = "075006",
      doi            = "10.1103/PhysRevD.81.075006",
      year           = "2010",
      eprint         = "0909.3977",
      archivePrefix  = "arXiv",
      primaryClass   = "hep-ph",
      SLACcitation   = "%%CITATION = ARXIV:0909.3977;%%",
}
